  @Manual{conjointchecks,
    title = {{ConjointChecks}: A package to check the cancellation axioms of conjoint measurement.},
    author = {Ben Domingue},
    year = {2012},
  }

@phdthesis{domingue2012,
author={Benjamin Domingue},
year=2012,
title={Evaluating the Equal-Interval Hypothesis with Test Score Scales},
school={University of Colorado Boulder}
}

@Book{russell,
author = {Alfred North Whitehead and Bertrand Russell},
title = { Principia mathematica },
publisher = { Cambridge Univ. Press},
address={Cambridge},
pages = { 3v. },
year = { 1957 },
}


@article{luce1964,
	title={Simultaneous Conjoint Measurement: A New Type of Fundamental Measurement},
	year=1964,
	author={R D Luce and John W. Tukey},
	journal={Journal of Mathematical Pscyhology},
	volume=1,
	pages={1--27}
}

@article{stevens1946,
author = {Stevens, S. S.},
title = {{On the Theory of Scales of Measurement}},
journal = {Science},
volume = {103},
number = {2684},
pages = {667-680},
year = {1946},
}


@article{karabatsos2001,
author={George Karabatsos},
title={The Rasch Model, Additive Conjoint Measurement, and New Models of Probabilistic Measurement Theory},
year=2001,
journal={Journal of Applied Measurement},
volume=2,
number=4,
pages={389--423}
}

@book{lord1968,
author = { Frederic M. Lord and  Melvin R. Novick },
title = { Statistical theories of mental test scores  },
publisher = { Addison-Wesley Pub. Co.},
year = { 1968 },
address={Reading, MA}
}

@book{krantz1971,
author={David H. Krantz and {R D} Luce and Patrick Suppes and Amos Tversky},
title={Foundations of Measurement Volume {I}: Additive and Polynomial Representations},
year=1971,
publisher={Academic Press},
address={New York},
}

@article{karabatsos2005,
author={George Karabatsos},
year=2005,
journal={Journal of Mathematical Psychology},
volume=49,
pages={51--69},
title={The exchangeable multinomial model as an approach to testing deterministic axioms of choice and measurement}
}

@article{karabatsos2006,
title = "Bayesian nonparametric model selection and model testing",
journal = "Journal of Mathematical Psychology",
volume = "50",
number = "2",
pages = "123 - 148",
year = "2006",
author = "George Karabatsos"
}

@article{kyngdon,
journal={British Journal of Mathematical and Statistical Psychology},
author={Andrew Kyngdon},
year={2011},
title={Plausible measurement analogies to some psychometric models of test performance},
volume=64,
number=3,
pages={478-497}
}

@article{kyngdon2008_response,
year=2008,
pages={125--131},
volume=18,
number=1,
author={Andrew Kyngdon},
journal={Theory and Psychology},
title={Conjoint measurement, error and the {Rasch} model: A reply to {Michell}, and {Borsboom} and {Zand Scholten}},
}

@article{kyngdon2008,
journal={Theory \& Psychology},
author={Andrew Kyngdon},
year=2008,
volume=18,
number=89,
title={The Rasch Model from the Perspective of the Representational Theory of Measurement},
}

@article{dingle1950,
author={H. Dingle},
year=1950,
title={A theory of measurement},
journal={British Journal of the Philosophy of Science},
volume=1,
pages={5--26}
}

@article{keats1967,
author={J. Keats},
year=1967,
title={Test Theory},
journal={Annual Review of Psychology},
pages={217--238},
volume=18,
}

@book{fischer1968,
author={G. Fischer},
year=1968,
title={Pscyhologische testtheorie},
publisher={Huber},
address={Bern}
}

@article{grayson1988,
year=1988,
author={D.A. Grayson},
volume=53,
pages={383--392},
journal={Psychometrika},
title={Two-group classification and latent trait theory: Scores with monotone likelihood ratio},
}

@book{michell1999,
author={Joel Michell},
year=1999,
title={Measurement in Psychology: Critical history of a methodological concept},
publisher={Cambridge University Press},
address={Cambridge}
}

@article{michell2004,
year=2004,
volume=14,
number=1,
author={Joel Michell},
journal={Theory and Psychology},
title={Item response models, pathological science and the shape of error: Reply to {Borsboom and Mellenbergh}},
pages={121--129}
}

@book{suppes1989,
year=1989,
author={Patrick Suppes and David H. Krantz and R D Luce and Amos Tversky},
title={Foundations of Measurement Volume {II}: Geometrical, Threshold, and Probabilistic Representations},
publisher={Academic Press},
address={San Diego},
}

@book{luce1990,
year=1990,
author={R D Luce and David H. Krantz and Patrick Suppes and Amos Tversky},
title={Foundations of Measurement Volume {III}: Representation, Axiomatization, and invariance},
publisher={Academic Press},
address={San Diego}
}

@article{michell2008_pathology,
year=2008,
author={Joel Michell},
volume=6,
number=1,
pages={7--24},
title={Is psychometrics pathological science?},
journal={Measurement: Interdisciplinary Research and Perspectives},
}

@article{borsboom2008,
author={Denny Borsboom and A.Z. Scholten},
year=2008,
journal={Theory \& Psychology},
volume=18,
number=1,
pages={111--117},
title={The {R}asch model and conjoint measurement theory from the perspective of psychometrics},
}

@article{perline1979,
author={Richard Perline and Benjamin D. Wright and Howard Wainer},
year=1979,
pages={237--255},
volume=3,
number=2,
journal={Applied Psychological Measurement},
title={The {R}asch model as additive conjoint measurement}
}


@article{gorin2006,
author={Joanna Gorin},
year=2006,
volume=25,
number=4,
pages={21--35},
title={Test design with cognition in mind},
journal={Educational Measurement: Issues and Practice}
}

@article{ballou2004,
journal={Journal of Educational and Behavioral Statistics},
author={Dale Ballou and William Sanders and Paul Wright},
year=2004,
volume=29,
number=1,
pages={37--65},
title={Controlling for Student Background in Value-Added Assessment of Teachers}
}

@article{wilson1988,
year=1988,
volume=12,
number=4,
pages={353--364},
author={Mark Wilson},
title={Detecting and Interprteting Local Item Dependence Using a Family of Rasch Models},
journal={Applied Psychological Measurement},
}

@article{vandenwollenberg1982,
year=1982,
journal={Psychometrika},
pages={123--140},
volume=47,
author={A.L. {van den Wollenberg}},
title={Two new test statistics for the {Rasch} Model},
}

@article{kruskal1964,
year=1964,
author={J. B. Kruskal},
journal={Psychometrika},
title={Multidimensional scaling by optimizaing goodness-of-fit to a nonmetric hypothesis},
volume=29,
pages={1--27},
}

@article{kruskal1965,
year=1965,
author={J. B. Kruskal},
journal={Journal of the Royal Statistical Society. Series B (Methodological)},
volume=27,
number=2,
pages={251--263},
title={Analysis of Factorial experiments by estimating monotone transformations of the data},
}
@article{ballou2009,
journal={Education Finance and Policy},
year=2009,
author={Dale Ballou},
volume=4,
number=4,
pages={351--383},
title={Test scaling and value-added measurement},
}

@article{nickerson1984,
author={C.A. Nickerson and G.H. {McC}lelland},
year=1984,
title={Scaling distortion in numerical conjoint measurement},
pages={183--198},
volume=8,
journal={Applied Psychological Measurement}
}

@article{mccaffrey2004,
journal={Journal of Educational and Behavioral Statistics},
author={Daniel F. Mc{C}affrey and J.R. Lockwood and Daniel Koretz and Thomas A. Louis and Laura Hamilton},
year=2004,
volume=29,
number=1,
pages={67--101},
title={Models for Value-Added Modeling of Teacher Effects}
}

@article{humphry2010,
author={S.M. Humphry},
year=2010,
volume=70,
pages={215--351},
title={Modelling the effects of person group factors on discrimination},
journal={Educational and Psychological Measurement},
}

@article{betebenner2009,
author={Damian W. Betebenner},
year=2009,
pages={42--51},
journal={Education Measurment: Issues and Practice},
title={Norm- and criterion-referenced student growth},
volume=28,
number=4
}

@article{humphry2011,
year=2011,
volume=1,
pages={1--24},
author={Stephen M. Humphry},
title={The role of the unit in Physics and Psychometrics},
journal={Measurement: Interdisciplinary Research and Perspective}
}

@article{finn1999,
author={Jeremy D. Finn and Charles M. Achilles},
year=1999,
volume=21,
number=2,
pages={97--109},
title={Tennessee's Class size study: Finding, implications, misconceptions},
journal={Educational Evaluation and Policy Analysis},
}

@article{wright1997,
author={Benjamin D. Wright},
year=1997,
pages={33-45},
title={A history of Social Science Measurement},
journal={Educational Measurement: Issues and Practice},
volume=16,
number=4,
}


@article{wright1969,
year=1969,
title={A procedure for sample-free item analysis},
journal={Educational and Psychological Measurement},
volume=29,
pages={23--48},
author={B Wright and N Panchapakesan}
}

@article{andrich1978,
year=1978,
volume=42,
pages={69--81},
author={David Andrich},
journal={Psychometrika},
title={A rating formulation for ordered response categories},
}

@article{andersen1977,
year=1977,
title={Sufficient statistics and latent trait models},
author={E.B. Andersen},
pages={69--81},
volume=42,
journal={Psychometrika},
}

@article{likert1932,
year=1932,
author={R. Likert},
title={A technique for the measurement of attitudes},
journal={Archives of Psychology},
volume=22,
number=140,
pages=55,
}

@article{rubin2008,
author={Donald Rubin},
year=2008,
title={For objective causal inference, design trumps analysis},
journal={The Annals of Applied Statistics},
pages={808--840},
volume=2,
number=3,
}

@article{adams2009,
title={The construction and implementation of user-defined fit tests for use with marginal maximum likelihood estimation and generalized item response models},
author={Raymond J Adams and Margaret L Wu},
year=2009,
journal={Journal of Applied Measurement},
volume=10,
number=4
}

@article{domingue2013,
year={{In Press}},
title={Evaluating the equal-interval hypothesis with test score scales},
author={Ben Domingue},
journal={Psychometrika},
}

@article{briggs,
year={{In Press}},
title={Measuring Growth with Vertical Scales},
author={Derek C. Briggs},
journal={Journal of Educational Measurement},
}

@article{wu,
title={Properties of {R}asch Residual Fit Statistics},
year={{In Press}},
author={Margaret L Wu and Raymond J Adams},
journal={Journal of Applied Measurement},
}

@article{rost1994,
author={J\"{o}urgen Rost and Matthias {von Davier}},
title="A conditional item-fit index for {Rasch} Models",
year=1994,
volume=18,
number=2,
pages={171--182},
journal={Applied Psychological Measurement}
}

@book{gulliksen1950,
author={H Gulliksen},
title={Theory of mental tests},
year=1950,
publisher={Wiley},
address={New York},
}

@article{clemans1993,
year=1993,
volume=1,
number=4,
pages={329--347},
author={William V Clemans},
journal={Educational Assessment},
title={Item Response Theory, Vertical Scaling, and Something's Awry in the State of {Test Mark}},
}

@article{sijtsma1992,
author={Klaas Sijtsma and Rob R. Meijer},
year=1992,
volume=16,
pages={149--157},
number=2,
journal={Applied Psychological Measurement},
title={A method for investigating the intersection of item response functions in {M}okken's Nonparametric {IRT} model}
}

@article{smith1991,
author={Richard M Smith},
title={The Distributional Properties of {R}asch Item Fit Statistics},
year=1991,
volume=51,
pages={541--565},
journal={Educational and Psychological Measurement}
}
@book{campbell1920,
author={N.R. Campbell},
year=1920,
title={Physics: The Elements},
address={Cambridge, U.K.},
publisher={Cambridge University Press},
}

@article{karabatsos2000,
year=2000,
author={George Karabatsos},
title={A critique of {Rasch} residual fit statistics},
journal={Journal of Applied Measurement},
volume=1,
number=2,
pages={152--176},
}

@book{bridgman1927,
year=1927,
author={P.W. Bridgman},
title={The logic of modern physics},
address={New York},
publisher={Macmillan},
}

  @Article{ltm,
    title = {ltm: An R package for Latent Variable Modelling and Item Response Theory Analyses},
    author = {Dimitris Rizopoulos},
    journal = {Journal of Statistical Software},
    year = {2006},
    volume = {17},
    number = {5},
    pages = {1--25},
    url = {http://www.jstatsoft.org/v17/i05/},
  }

@book{carroll1971,
year=1971,
author={J.B. Carroll and P. Davies and B. Richman},
title={Word frequency book},
publisher={Houghton Mifflin},
address={Boston},
}



  @Manual{irtoys,
    title = {irtoys: Simple interface to the estimation and plotting of IRT models},
    author = {Ivailo Partchev},
    year = {2011},
    note = {R package version 0.1.4},
    url = {http://CRAN.R-project.org/package=irtoys},
  }

  @Manual{eRm,
    title = {eRm: Extended Rasch Modeling.},
    author = {Patrick Mair and Reinhold Hatzinger and Marco Maier},
    year = {2011},
    note = {R package version 0.14-0},
    url = {http://CRAN.R-project.org/package=eRm},
  }


@article{scheiblechner1972,
year=1972,
author={H Scheiblechner},
title={Das Lernen und L\"{a}sen komplexer Denkaufgaben. [{T}he learning and
solving of complex reasoning items]},
volume=3,
pages={456--506},
journal={Zeitschrift f\"{u}r Experimentelle und Angewandte Psychologie},
}

@article{scheiblechner1995,
author={H Scheiblechner},
journal={Psychometrika},
year=1995,
volume=60,
number=2,
pages={281--304},
title={Isotonic Ordinal Probabilistic Models {(ISOP)}},
}

@article{cliff1992,
author={Norman Cliff},
year=1992,
journal={Psychological Science},
title={Abstract measurement theory and the revolution that never happened},
volume=3,
number=3,
pages={186--190},
}

@article{scheiblechner1999,
author={H Scheiblechner},
journal={Psychometrika},
year=1999,
volume=64,
number=3,
pages={295--316},
title={Additive Conjoint Isotonic Probabilistic Models {(ADISOP)}},
}


@book{michell1990,
author={Joel Michell},
title={An Introduction to the Logic of Psychological Measurement},
year=1990,
publisher={Psychology Press},
address={New York}
}

@article{trendler2009,
author={G Trendler},
title={Measurement Theory, Psychology and the revolution that cannot happen},
volume=19,
number=5,
journal={Theory and Psychology},
pages={579--599},
year=2009
}

@article{michell2005,
year=2005,
author={Joel Michell},
journal={Measurement},
volume=38,
pages={285--294},
title={The logic of measurement: A realist overview},
}

@article{michell2008,
author={Joel Michell},
year=2008,
volume=18,
number=119,
journal={Theory \& Psychology},
title={Conjoint measurement and the {R}asch Paradox: A Response to {K}yngdon},
}

@article{brogden1977,
author={H. E. Brogden},
year=1977,
volume=42,
number=4,
pages={631--634},
journal={Psychometrika},
title={The {R}asch mode, the law of comparative judgement and additive conjoint measurement}
}

@article{campbell1933,
author={N.R. Campbell},
title={The measurement of visual sensations},
year=1933,
journal={Proceedings of the Physical Society},
volume=45,
pages={565--590},
}

@article{holder1901,
author={O H\"{o}lder},
year=1901,
volume=53,
pages={1--46},
title={Die Axiome der Quantit\"{a}t und die Lehr vom Mass},
journal={Berichte \"{u}ber die Verhandlungen der K\"{o}niglich S\"{a}chsischen Gesellschaft der Wissenschaften zu Leipzig, Mathematisch-Physische Klasse},
}

@article{michell_holder_1,
year=1996,
author={Joel Michell},
journal={Journal of Mathematical Psychology},
volume=40,
pages={235--252},
title={The axioms of quantity and the theory of measurement, Part I}
}
@article{michell_holder_2,
year=1997,
author={Joel Michell},
journal={Journal of Mathematical Psychology},
volume=41,
pages={345--356},
title={The axioms of quantity and the theory of measurement, Part {II}},
}

@article{michell1988,
year=1988,
author={Joel Michell},
journal={Journal of Mathematical Psychology},
pages={466-473},
volume=32,
title={Some problems in testing the double cancellation condition in conjoint measurement}
}

@article{scott1964,
year=1964,
volume=1,
pages={233--247},
journal={Journal of Mathematical Psychology},
author={Dana Scott},
title={Measurement structures and Linear Inequalities}
}

@article{green1971, 
author={Paul E Green and Vithala R Rao},
title={Conjoint Measurement for Quantifying Judgmental Data}, 
volume={8}, 
number={3}, 
year={1971}, 
pages={355-363},
journal={Journal of Marketing Research}
}

@incollection{fischer1995,
title={Linear Logistic Models for Change},
booktitle={Rasch Models: Foundations, Recent Developments, and Applications},
author={Gerhard H Fischer},
editor={Gerhard H Fischer and Ivo W Molenaar},
year=1995,
publisher={Springer-Verlag},
address={New York},
pages={157--180},
}

@incollection{suppes1963,
author={Patrick Suppes and J. Zinnes},
year=1963,
volume=1,
pages={1--76},
publisher={Wiley},
address={New York},
editor={R D Luce and R.R. Bush and E.H. Galanter},
title={Basic Measurement Theory},
booktitle={Handbook of Mathematical Psychology},
}

@incollection{glas1995,
title={Testing the {R}asch Model},
booktitle={Rasch Models: Foundations, Recent Developments, and Applications},
author={Cees A W Glas and Norman D Verhelst},
editor={Gerhard H Fischer and Ivo W Molenaar},
year=1995,
publisher={Springer-Verlag},
address={New York},
pages={67--95},
}

@inproceedings{torres2012,
author={David {Torres Irribarra} and Ronli Diakow},
year=2012,
title={Impact of Instrument Quality on the Selection of a Latent Variable Model},
booktitle={74th Annual Meeting and Training Session},
address={Vancouver, Canada},
publisher={National Council on Measurement in Education},
}

@inproceedings{smith2010,
author={Richard Smith},
title={How do residuals work?},
year=2010,
booktitle={IOMW 2010: 15th International Objective Measurement Workshop},
address={Boulder, CO},
publisher={Institute for Objective Measurement},
}

@article{stenner2006,
author={A.J. Stenner and H Burdick and EE Sanford and DS Burdick},
year=2006,
title={How accurate are lexile test measures?},
journal={Journal of Applied Measurement},
volume=7,
number=3,
pages={307--322},
}
@inproceedings{stenner1996,
author={A.J. Stenner},
year=1996,
title={Measuring Reading Comprehension with the {Lexile} Framework},
booktitle={Fourth {North American Conference} on Adolescent/Adult Literacy},
address={Washington, D.C.},
publisher={International Reading Association},
}

@inproceedings{stenner2011,
author={AJ Stenner and Mark Stone and Donald Burdick},
year=2011,
title={How to model and test for the mechanisms that make measurement systems tick},
booktitle={Joint International {IMEKO TC1+ TC7+ TC13} Symposium},
address={Jena, Germany}, 
publisher={Interational Measurement Confederation}
}


@inproceedings{wright1968,
year=1968,
author={Benjamin Wright},
title={Sample-free test calibration and person measurement},
booktitle={Invitational Conference on Testing Problems},
publisher={Educational Testing Service},
address={Princeton}
}

@book{wright1979,
year=1979,
author={Benjamin Wright and M.H. Stone},
title={Best test design},
publisher={{MESA} Press},
address={Chicago},
}

  @Manual{snow,
    title = {snow: Simple Network of Workstations},
    author = {Luke Tierney and A. J. Rossini and Na Li and H. Sevcikova},
    note = {R package version 0.3-3},
  }

@Manual{terranova,
title={Technical Manual for {TerraNova} Battery},
year=2001,
author={{CTB---McGraw Hill}},
}

@article{harwell2001,
author={Michael R. Harwell and Guido G. Gatti},
year=2001,
volume=71,
number=1,
pages={105--131},
journal={Review of Educational Research},
title={Rescaling Ordinal Data to Interval Data in Educational Research}
}

@article{holland1990,
year=1990,
author={Paul Holland},
title={On the sample theory foundation of item response theory models},
journal={Psychometrika},
volume=55,
pages={577--601},
}

@article{meredith1993,
author={W. Meredith},
year=1993,
journal={Psychometrika},
volume=58,
pages={525--543},
title={Measurement invariance, factor analysis, and factorial invariance},
}


@article{andrich2003,
year=2003,
volume=42,
pages={557--589},
author={David Andrich},
title={On the distribution of measurement in units that are not arbitrary},
journal={Social Science Information},
}

@article{ellis1993,
year=1993,
title={Local homogeneity in latent trait models: A characterization of the homogenous monotone {IRT} model},
author={J.L. Ellis and A.L. {Van den Wollenberg}},
volume=58,
pages={417--429},
journal={Psychometrika}
}

@incollection{birnbaum1968,
author={A Birnbaum},
year=1968,
title={Some latent trait models and their use in inferring an examinee's ability},
editor={F. M. Lord and M. R. Novick}, 
booktitle={Statistical theories of mental test scores},
pages={397--472},
address={Reading, MA},
publisher={Addison-Wesley},
}

@incollection{guttman1941,
author={L Guttman},
year=1941,
title={The quantification of a class of attributes: A theory and method of scale construction},
editor={P Horst and P Wallin and L Guttman and F B Wallin and J A Clausen and R Reed and E Rosenthal},
booktitle={Measurement and Prediction},
pages={312--361},
address={Princeton},
publisher={Princeton University Press}
}

@incollection{sanders1997,
author={William L. Sanders and Arnold M. Saxton and Sandra P. Horn},
year=1997,
title={The {T}ennessee Value-Added Assessment System: A quantitative, outcomes-based approach to educational assessment},
editor={Jason Millman},
booktitle={Grading Teacher, Grading Schools: Is Student Achievement a Valid Evaluation Measure?},
address={Thousand Oaks, CA},
publisher={Corwin Press, Inc.},
pages={137--162},
}

@article{muraki1992,
author={Eiji Muraki},
year=1991,
title={A generalized partial credit model: Application of an {EM} Algorithm},
journal={Applied Psychological Measurement},
volume=16,
number=2,
pages={159--176},
}

@book{tufte2001,
author={Edward R Tufte},
year=2001,
edition=2,
title={The visual display of quantitative information},
publisher={Graphics Press},
address={Chesire, CT}
}

	  @Misc{mokken,
    title = {`mokken' (Version 2.5.1): An R package for Mokken scale analysis [computer software]},
		author="L Andries {van der Ark}",
    year = {2011},
    note = {Retrieved from \url{http://cran.r-project.org/web/packages/mokken/index.html}, June 1, 2011},
  }

@article{fisher1994,
year=1994,
author={William P {Fisher Jr} and Benjamin D Wright},
title={Introduction to Probabilistic Conjoint Measurement Theory and Applications},
pages={559-568},
journal={International Journal of Educational Research},
volume=21,
number=6,
}

@article{green1986,
year=1986,
author={Kathy E Green},
journal={The Journal of Experimental Education},
pages={141--147},
volume=54,
number=3,
title={Fundamental measurement: A review and application of additive conjoint measurement in educational testing},
}

@article{masters1994,
author={Geofferey N Masters and Raymond Adams and Jan Lokan},
year=1994,
title={Mapping Student Achievement},
journal={International Journal of Educational Research},
volume=21,
number=6,
pages={595--609},
}

@article{esdaille1994,
author={Maxine Esdaille and Fred Shaw and Michael Smith and Sigridur Valgeirdsdottir},
title={Educational applications of probabilistic conjoint measurement models},
journal={International Journal of Educational Research},
volume=21,
number=6,
pages={635--651},
year=1994,
}

@article{gelfand1992,
year=1992,
author={A E Gelfand and A F M  Smith and T M Lee},
title={Bayesian analysis of constrained parameter and truncated data problems},
journal={Journal of the American Statistical Association},
volume=87,
pages={523--532},
}


@book{devroye1986,
author={Luc Devroye},
year=1986,
title={Non-Uniform Random Variate Generation},
publisher={Springer-Verlag},
address={New York},
}


@article{vanderark2007,
author="L Andries {van der Ark}",
year=2007,
volume=20,
number=11,
journal={Journal of Statistical Software},
title={Mokken Scale Analysis in {R}},
}

@article{wilson1989,
year=1989,
title={A comparison of deterministic and probabilistic approaches to measuring learning structures},
author={Mark Wilson},
volum=33,
number=2,
pages={127--140},
journal={Australian Journal of Education}
}

@book{mokken1971,
year=1971,
author={R J Mokken},
title={A theory and procedure of scale analysis},
publisher={De Gruyter},
address={New York/Berlin},
}

@book{kolen2004,
author={Michael J Kolen and Robert L Brennan},
year=2004,
title={Test Equating, Scaling, and Linking: Methods and Practices},
edition=2,
publisher={Springer-Verlag},
address={New York}
}

@article{krantz_tversky1971,
author={David H Krantz and Amos Tversky},
year=1971,
journal={Psychological Review},
volume=78,
number=2,
pages={151--169},
title={Conjoint-measurement analysis of composition rules in psychology},
}

@article{iverson1985,
author={G. Iverson and {J-C}. Falmagne},
year=1985,
pages={131--153},
title={Statistical issues in measurement},
journal={Mathematical Social Sciences},
volume=10
}

@article{falmagne1976,
year=1976,
author={Jean-Claude Falmagne},
journal={Psychological Review},
title={Random conjoint measurement and loudness summation},
volume=83,
number=1,
pages={65--79},
}

@article{davis-stober2009,
year=2009,
author={Clintin P {Davis-Stober}},
volum=53,
pages={1--13},
title={Analysis of multinomial models under inequality constraints: Applications to measurement theory},
journal={Journal of Mathematical Psychology},
}

@book{agresti2010,
year=2010,
author={Alan Agresti},
title={Analysis of Ordinal Categorical Data},
publisher={John Wiley \& Sons, Inc.},
address={Hoboken, NJ}
}

@book{johnson1999,
year=1999,
author={Valen E. Johnson and James H. Albert},
title={Ordinal Data Modeling},
publisher={Springer},
address={New York}
}

@misc{parcc,
	year={June 23, 2010},
	title={The Partnership for Assessment of Readiness for College and Careers {(PARCC)} Application for the Race to the Top Comprehensive Assessment Systems Competition}},
	author={{Partnership for Assessment of Readiness for College and Careers}},
}

@misc{smarter,
	title={{Race to the Top Assessment Program Application for New Grants}},
	author={{Washington State, on behalf of the SMARTER Balanced Assessment Consortium}},
	year={June 23, 2010},
}

@techreport{naep,
  year=2009,
	number={NCES 2009-479},
	author={{National Center for Education Statistics}},
	institution={U.S. Department of Education},
	title={{NAEP} 2008 Trends in Academic Progress},
	address={Washington, D.C.},
}

@techreport{barton1981,
author={M.A. Barton and F.M. Lord},
year=1981,
institution={Educational Testing Services},
title={An upper asymptote for the three-parameter logistic item-response model},
address={Princeton, NJ},
}

@techreport{briggs2011,
	year=2011,
	month={February},
	title={Due Diligence and the Evaluation of Teachers: A Review of the Value-Added Analysis Underlying the Effectiveness Rankins of {Los Angeles Unified School District} Teachers by the {Los Angeles Times}},
	institution={National Education Policy Center},
address={Boulder, CO},
	author={Derek Briggs and Ben Domingue},
}

@misc{waivers,
author={Alyson Klein},
year={September 22, 2011},
title={Obama administration sets rules for {NCLB} waivers},
publisher={Education Week},
note={Retrieved from \url{http://blogs.edweek.org/edweek/campaign-k-12/2011/09/obama_administration_sets_rule.html}, October 26, 2011},
}

@misc{yglesias2011,
author={Matt Yglesias},
year={November 1, 2011},
title={The Flattening Curve},
publisher={Think Progres},
note={Retrieved from \url{http://thinkprogress.org/yglesias/2011/11/01/358491/the-flattening-curve/}, November 9, 2011},
}

@misc{rumsfeld,
publisher={{U.S. Department of Defense}},
title={{DoD} New Briefing-{Secretary Rumsfeld and Gen. Myers}},
year={February 12, 2002},
author={Donal Rumsfeld},
note={Retrieved from \url{http://www.defense.gov/transcripts/transcript.aspx?transcriptid=2636}, February 10, 2012},
}
@article{wilks1938,
author={S.S. Wilks},
year=1938,
journal={Psychometrika},
volume=3,
number=1,
pages={23--40},
title={Weighting systems for linear functions of correlated variables when there is no dependent variable},
}

@article{hoover1984,
volume=3,
number=4,
year=1984,
pages={8--14},
author={H.D. Hoover},
title={The most appropriate score for measuring educational development in the elementary schools: {GE's}},
journal={Educational Measurement: Issues and Practices},
}

@misc{goldstein2011,
author={Dan Goldstein},
year={November 1, 2011},
title={{NAEP}, the Long View, and the Crisis in Reading},
note={Retrieved from \url{http://www.danagoldstein.net/dana_goldstein/2011/11/naep-the-long-view-and-the-crisis-in-reading.html}, November 9, 2011},
}

@book{bond2001,
author={Trevor G Bond and Christine M Fox},
year=2001,
title={Applying the {Rasch} Model},
publisher={Lawrence Erlbaum Associates},
address={Mahwah, NJ},
}

@book{wilson2005,
author={Mark Wilson},
year=2005,
title={Constructing Measures: An Item Response Modeling Approach},
publisher={Taylor \& Francis Group},
address={New York},
}


@book{linacre1989,
year=1989,
author={J.M. Linacre},
publisher={{MESA} Press},
title={Many facet {Rasch} Measurement},
address={Chicago},
}

@article{masters1982,
year=1982,
volume=47,
pages={149--174},
journal={Psychometrika},
title={A {Rasch} model for partial credit scoring},
author={G.N. Masters},
}


@book{rasch1960,
author={G. Rasch},
year=1960,
title={Probabilistic models for some intelligence and attainment tests},
address={Copenhagen},
publisher={Danish Institute for Educational Research}
}

@article{luce2011,
author={R D Luce and Ragnar Steingrimsson},
year=2011,
title={Theory and tests of the conjoint commutativity axiom for additive conjoint measurement},
volume=55,
pages={379--385},
journal={Journal of Mathematical Psychology},
}

@article{gigerenzer1983,
author={Gerd Gigerenzer and Gerhard Strube},
year=1983,
journal={Journal of Experimental Psychology},
volume=9,
number=1,
pages={126--136},
title={Are there limits to binaural additivity of loudness?},
}

@article{kyngdon2007,
author={Andrew Kyngdon and B Richards},
year=2007,
volume=8,
title={Attitudes, order and quantity: Deterministic and direct probabilistic tests of unidimensional unfolding},
journal={Journal of Applied Measurement},
pages={1--34},
}

@article{stenner1983,
year=1983,
author={A.J. Stenner and M Smith and D Burdick},
title={Toward a theory of construct definition},
journal={Journal of Educational Measurement},
volume=20,
pages={305--315},
}

@article{eclsk_psych,
year=2002,
author={{National Center for Education Statistics}},
title={Early Childhood Longitudinal Study-Kindergarten Class of 1998-99 ({ECLS-K}), Psychometric Report for Kindergarten Through First Grade},
journal={Working Paper},
volume={2002--05},
}

@article{michell1997,
year=1997,
journal={British Journal of Psychology},
author={Joel Michell},
volume=88,
pages={355--383},
title={Quantitative Science and the definition of {\em measurement} in psychology},
}

@article{mcclelland1977,
title = {A note on {Arbuckle and Larimer}, "{T}he number of two-way tables satisfying certain additivity axioms"},
journal = {Journal of Mathematical Psychology},
volume = 15,
number = 3,
pages = {292--295},
year = 1977,
author = "Gary McClelland"
}

@Manual{R,
    title = {R: A Language and Environment for Statistical Computing},
    author = {{R Development Core Team}},
    organization = {R Foundation for Statistical Computing},
    address = {Vienna, Austria},
    year = {2010},
    note = {{ISBN} 3-900051-07-0},
    url = {http://www.R-project.org/},
}

@Article{plink,
    title = {{plink}: An {R} Package for Linking Mixed-Format Tests Using IRT-Based Methods},
    author = {Jonathan P. Weeks},
    journal = {Journal of Statistical Software},
    year = {2010},
    volume = {35},
    number = {12},
    pages = {1--33},
    url = {http://www.jstatsoft.org/v35/i12/},
}

@article{yen1991,
   author = {Yen, Wendy and Burket, George and Sykes, Robert},
   title = {Nonunique solutions to the likelihood equation for the three-parameter logistic model},
   journal = {Psychometrika},
   publisher = {Springer New York},
   pages = {39-54},
   volume = {56},
   year = {1991}
}

@book{baker2004,
	title={Item Response Theory: Parameter Estimation Techniques},
	author={Frank B. Baker and {Seock-Ho} Kim},
	year=2004,
	edition={Second},
	address={Boca Raton, FL},
	publisher={{CRC} Press},
}

@article{Martineau2006,
author = {Martineau, Joseph A.}, 
title = {{Distorting Value Added: The Use of Longitudinal, Vertically Scaled Student Achievement Data for Growth-Based, Value-Added Accountability}}, 
volume = {31}, 
number = {1}, 
pages = {35--62}, 
year = {2006}, 
journal = {Journal of Educational and Behavioral Statistics} 
}

@article{briggs2009,
author = {Briggs, Derek C. and Weeks, Jonathan P.},
title = {The Sensitivity of Value-Added Modeling to the Creation of a Vertical Score Scale},
journal = {Education Finance and Policy},
volume = {4},
number = {4},
pages = {384-414},
year = {2009},
}

@article{metropolis1953,
    author = {Metropolis, Nicholas and Rosenbluth, Arianna W. and Rosenbluth, Marshall N. and Teller, Augusta H. and Teller, Edward},
    journal = {The Journal of Chemical Physics},
    number = {6},
    pages = {1087--1092},
    title = {{Equation of State Calculations by Fast Computing Machines}},
    volume = {21},
    year = {1953}
}

@article{hastings1970,
author = {Hastings, W. K.}, 
title = {{Monte Carlo sampling methods using Markov chains and their applications}}, 
volume = {57}, 
number = {1}, 
pages = {97-109}, 
year = {1970}, 
journal = {Biometrika} 
}

@book{borsboom2005,
author={Denny Borsboom},
title={Measuring the Mind: Conceptual Issues in Contemporary Psychometrics},
year=2005,
publisher={Cambridge University Press},
address={New York},
}

@article{ferguson1940,
author={A. Ferguson and C. S. Myers and R. J. Bartlett  and H. Banister and F. C. Bartlett and W. Brown and others},
year=1940,
title={Quantitative estimates of sensory events: Final report of the Committee
Appointed to Consider and Report upon the Possibility of Quantitative Estimates of
Sensory Events},
journal={Advancement of Science},
volume=1,
pages={331--349}
}

@book{cameron2005,
title={Macroeconometrics: Methods and Applications},
year=2005,
author={A C Cameron and P K Trivedi},
publisher={Cambridge University Press},
address={New York},
}

@book{gelman2004,
title={Bayesian Data Analysis},
year=2004,
author={Andrew Gelman and John B Carlin and Hal S Stern and Donald B Rubin},
publisher={{Chapman \& Hall/CRC}},
address={Boca Raton, FL},
edition={Second},
}

@book{jackman2009,
title={Bayesian Analysis for the Social Sciences},
year=2009,
author={Simon Jackman},
publisher={Wiley},
address={Sussex, UK}
}

@book{robert2010,
year=2010,
author={C P Robert and George Casella},
title={Introducing {Monte Carlo} Methods with {R}},
publisher={Springer},
address={New York},
}


